@inproceedings{Page98thepagerank,
  added-at = {2008-01-09T21:02:24.000+0100},
  address = {Brisbane, Australia},
  author = {Page, L. and Brin, S. and Motwani, R. and Winograd, T.},
  biburl = {https://www.bibsonomy.org/bibtex/2ac49c33e114ca171db40cece6a0ae4d6/sac},
  booktitle = {Proceedings of the 7th International World Wide Web Conference},
  interhash = {ca10cf0b0dd668c64b1f378ff0775849},
  intrahash = {ac49c33e114ca171db40cece6a0ae4d6},
  keywords = {2007 kde pagerank seminar web},
  pages = {161--172},
  timestamp = {2008-01-09T21:02:24.000+0100},
  title = {The PageRank citation ranking: Bringing order to the Web},
  url = {citeseer.nj.nec.com/page98pagerank.html},
  year = 1998
}
@article{Kleinberg1999,
  doi = {10.1145/345966.345982},
  url = {https://doi.org/10.1145/345966.345982},
  year = {1999},
  month = dec,
  publisher = {Association for Computing Machinery ({ACM})},
  volume = {31},
  number = {4es},
  pages = {5},
  author = {Jon M. Kleinberg},
  title = {Hubs,  authorities,  and communities},
  journal = {{ACM} Computing Surveys}
}

@inbook{DongarraSparseMatrix,
  author = {J. Dongarra and P. Koev and X. Li and J. Demmel and H. van der Vorst},
  title = {10. Common Issues},
  booktitle = {Templates for the Solution of Algebraic Eigenvalue Problems},
  chapter = {},
  pages = {315-336},
  doi = {10.1137/1.9780898719581.ch10},
  URL = {https://epubs.siam.org/doi/abs/10.1137/1.9780898719581.ch10},
  year = 2000,
  publisher = {SIAM}
}

@Misc{Zanatta_Page_Rank_HITS_2022,
  author =   {Zanatta, Giacomo},
  title =    {{Page Rank and HITS in C}},
  howpublished = {\url{https://github.com/giacomozanatta/pagerank-hits}},
  month =    march,
  year =     2022}